@book{arnold,
  title={Mathematical Methods of Classical Mechanics},
  author={Arnold, V. I.},
  year={1989},
  publisher={Springer-Verlag}
}

@book{spivak,
  title={Physics for Mathematicians: Mechanics I},
  author={Spivak, Michael},
  year={2010},
  publisher={Publish or Perish}
}
@book{variedades,
  title={Introducci{\'o}n al estudio de las {V}ariedades {D}iferenciables},
  author={Gamboa, J.M. and Ruiz, J.M.},
  publisher={Sanz y Torres},
  year={2016}
}
@book{algebra,
  title={{\'A}lgebra lineal (vol. 2)},
  author={Fernando, J.F. and Gamboa, J.M. and Ruiz, J.M.},
  publisher={Sanz y Torres},
  year={2010}
}
@book{goldstein,
	  title={Classical Mechanics},
	    author={Goldstein, H. and Poole, C.P. and Safko, J.L.},
	      year={2011},
	        publisher={Pearson Education India}
}

@book{landau,
	  title={Curso de física teórica (vol. 1): Mecánica},
	    author={Landau, L.D. and Lifshitz, E.M.},
	      year={1985},
	        publisher={Reverté}
}

@book{lee,
  author={Lee, John M.},
  title={Introduction to {S}mooth {M}anifolds},
  year={2003},
  publisher={Springer}
}

@book{scheck,
  title={Mechanics: from Newton's laws to deterministic chaos},
  author={Scheck, Florian},
  year={2010},
  publisher={Springer Science \& Business Media}
}

@book{audin,
  title={Torus actions on {S}ymplectic {M}anifolds},
  author={Audin, Mich\`ele},
  year={2012},
  publisher={Birkh{\"a}user}
}

@book{bolsinov,
  title={Integrable Hamiltonian systems: geometry, topology, classification},
  author={Bolsinov, A. V. and Fomenko, A.T.},
  year={2004},
  publisher={CRC Press}
}

@book{abraham,
  title={Foundations of Mechanics},
  author={Abraham, R. and Marsden, J. E.},
  year={1978},
  publisher={Benjamin/Cummings}
}

@article{puta,
  title={The completeness of some {H}amiltonian vector fields on a {P}oisson manifold},
  author={Puta, Mircea},
  journal={An. Univ. Timisoara Ser. Mat.-Inform},
  volume={32},
  pages={93--98},
  year={1994}
}

